<record><leader>00000cas a22000007a 4500</leader><controlfield tag="001">10201777</controlfield><controlfield tag="008">831208d18491902pauwr ne      0    0eng d</controlfield><datafield ind1=" " ind2=" " tag="010"><subfield code="a">sn 83032185 </subfield></datafield><datafield ind1=" " ind2=" " tag="040"><subfield code="a">NPU</subfield><subfield code="b">eng</subfield><subfield code="c">NPU</subfield><subfield code="d">NPH</subfield><subfield code="d">DLC</subfield><subfield code="d">UNP</subfield><subfield code="d">NPX</subfield><subfield code="d">NPH</subfield><subfield code="d">CNK</subfield><subfield code="d">TGN</subfield><subfield code="d">OCLCF</subfield><subfield code="d">OCLCO</subfield></datafield><datafield ind1="1" ind2=" " tag="029"><subfield code="a">AU@</subfield><subfield code="b">000026926151</subfield></datafield><datafield ind1=" " ind2=" " tag="042"><subfield code="a">msc</subfield></datafield><datafield ind1=" " ind2=" " tag="043"><subfield code="a">n-us-pa</subfield></datafield><datafield ind1="0" ind2=" " tag="130"><subfield code="a">Columbia spy (Columbia, Pa. : 1849)</subfield></datafield><datafield ind1="0" ind2="4" tag="245"><subfield code="a">The Columbia spy.</subfield></datafield><datafield ind1="0" ind2="7" tag="246"><subfield code="a">Columbia spy &amp; register</subfield></datafield><datafield ind1=" " ind2=" " tag="260"><subfield code="a">Columbia, Pa. :</subfield><subfield code="b">Eshleman &amp; Kamerer,</subfield><subfield code="c">1849-1902.</subfield></datafield><datafield ind1=" " ind2=" " tag="300"><subfield code="a">v. :</subfield><subfield code="b">ill. (chiefly advertisements) ;</subfield><subfield code="c">55-71 cm.</subfield></datafield><datafield ind1=" " ind2=" " tag="310"><subfield code="a">Weekly</subfield></datafield><datafield ind1="0" ind2=" " tag="362"><subfield code="a">New ser. v. 2, no. 46 (May 19, 1849)-   ;    -v. 13, no. 278 (May 9, 1902).</subfield></datafield><datafield ind1=" " ind2=" " tag="500"><subfield code="a">Publishers: J.G.L. Brown, &lt;1850&gt;; A.M. Rambo, &lt;1869&gt;; J.W. Yocum, &lt;1873-1883&gt;.</subfield></datafield><datafield ind1=" " ind2=" " tag="500"><subfield code="a">Some supplements available.</subfield></datafield><datafield ind1=" " ind2=" " tag="515"><subfield code="a">Issues for &lt;May 19, 1849-Apr. 27, 1850&gt; called also &lt;whole nos. 989-1,308&gt;.</subfield></datafield><datafield ind1=" " ind2=" " tag="500"><subfield code="a">Editors: A.M. Rambo, &lt;1869&gt;; J.W. Yocum, &lt;1876&gt;.</subfield></datafield><datafield ind1=" " ind2="0" tag="651"><subfield code="a">Columbia (Pa.)</subfield><subfield code="v">Newspapers.</subfield></datafield><datafield ind1=" " ind2="0" tag="651"><subfield code="a">Lancaster County (Pa.)</subfield><subfield code="v">Newspapers.</subfield></datafield><datafield ind1=" " ind2="7" tag="655"><subfield code="a">Newspapers.</subfield><subfield code="2">fast</subfield><subfield code="0">(OCoLC)fst01423814</subfield></datafield><datafield ind1=" " ind2="7" tag="651"><subfield code="a">Pennsylvania</subfield><subfield code="z">Columbia.</subfield><subfield code="2">fast</subfield><subfield code="0">(OCoLC)fst01220055</subfield></datafield><datafield ind1=" " ind2="7" tag="651"><subfield code="a">Pennsylvania</subfield><subfield code="z">Lancaster County.</subfield><subfield code="2">fast</subfield><subfield code="0">(OCoLC)fst01205236</subfield></datafield><datafield ind1=" " ind2=" " tag="752"><subfield code="a">United States</subfield><subfield code="b">Pennsylvania</subfield><subfield code="c">Lancaster</subfield><subfield code="d">Columbia.</subfield></datafield><datafield ind1="0" ind2=" " tag="775"><subfield code="t">Daily Columbia spy</subfield><subfield code="w">(DLC)sn 89077556</subfield></datafield><datafield ind1="0" ind2=" " tag="775"><subfield code="t">Columbia daily spy</subfield><subfield code="w">(DLC)sn 89077557</subfield></datafield><datafield ind1="0" ind2="0" tag="780"><subfield code="t">Columbia spy and register</subfield><subfield code="w">(DLC)sn 89077555</subfield></datafield><datafield ind1="0" ind2="0" tag="785"><subfield code="t">Columbia weekly spy</subfield><subfield code="w">(DLC)sn 86081588</subfield></datafield></record>